<record xmlns='http://www.loc.gov/MARC21/slim'><leader>01998cka a2200385Ka 4500</leader><controlfield tag='001'>a5723794</controlfield><controlfield tag='003'>SIRSI</controlfield><controlfield tag='005'>20150321050002.0</controlfield><controlfield tag='006'>m        u        </controlfield><controlfield tag='007'>kj aoo</controlfield><controlfield tag='007'>cr an----aua--</controlfield><controlfield tag='008'>040518s1891    cau           s   kneng d</controlfield><datafield ind1='0' ind2=' ' tag='034'><subfield code='a'>a</subfield><subfield code='d'>W1192900</subfield><subfield code='e'>W1192900</subfield><subfield code='f'>N0365100</subfield><subfield code='g'>N0365100</subfield></datafield><datafield ind1='0' ind2=' ' tag='034'><subfield code='a'>a</subfield><subfield code='d'>W1193300</subfield><subfield code='e'>W1193300</subfield><subfield code='f'>N0363900</subfield><subfield code='g'>N0363900</subfield></datafield><datafield ind1=' ' ind2=' ' tag='035'><subfield code='a'>(OCoLC-M)55202257</subfield></datafield><datafield ind1=' ' ind2=' ' tag='035'><subfield code='a'>(OCoLC-I)275921613</subfield></datafield><datafield ind1=' ' ind2=' ' tag='040'><subfield code='a'>CUY</subfield><subfield code='c'>CUY</subfield><subfield code='d'>OCLCQ</subfield></datafield><datafield ind1=' ' ind2=' ' tag='043'><subfield code='a'>n-us-ca</subfield></datafield><datafield ind1='1' ind2=' ' tag='100'><subfield code='a'>Thompson, Thomas Hinckley,</subfield><subfield code='d'>1841-1915.</subfield><subfield code=' '>UNAUTHORIZED</subfield></datafield><datafield ind1='1' ind2='0' tag='245'><subfield code='a'>Fancher Creek ranch, property of James Karnes, Fresno Co.</subfield><subfield code='h'>[electronic resource] ;</subfield><subfield code='b'>Home ranch &amp; residence of James Karnes, 3 miles S. of Sanger.</subfield></datafield><datafield ind1=' ' ind2=' ' tag='255'><subfield code='a'>Scale varies.</subfield></datafield><datafield ind1=' ' ind2=' ' tag='260'><subfield code='c'>[1891]</subfield></datafield><datafield ind1=' ' ind2=' ' tag='500'><subfield code='a'>Two lithographed low oblique views showing Gray Mountain, Rocky Peak, Wild Cat Peak, buildings, orchards, wagons, farm machinery, train, animals, etc.</subfield></datafield><datafield ind1=' ' ind2=' ' tag='500'><subfield code='a'>Scanned raster image of original: 1 print : lithograph, b&amp;w ; 39 x 32 cm.</subfield></datafield><datafield ind1=' ' ind2=' ' tag='500'><subfield code='a'>Original in the David Rumsey Collection; scanned by Cartography Associates.</subfield></datafield><datafield ind1=' ' ind2=' ' tag='596'><subfield code='a'>22</subfield></datafield><datafield ind1='1' ind2='0' tag='600'><subfield code='a'>Karnes, James</subfield><subfield code='x'>Homes and haunts</subfield><subfield code='z'>California</subfield><subfield code='z'>Fresno County</subfield><subfield code='v'>Pictorial works.</subfield><subfield code=' '>UNAUTHORIZED</subfield></datafield><datafield ind1=' ' ind2='0' tag='650'><subfield code='a'>Ranches</subfield><subfield code='z'>California</subfield><subfield code='z'>Fresno County</subfield><subfield code='v'>Pictorial works.</subfield><subfield code=' '>^A1054845</subfield></datafield><datafield ind1='2' ind2=' ' tag='710'><subfield code='a'>David Rumsey Collection.</subfield><subfield code=' '>^A2724060</subfield></datafield><datafield ind1='2' ind2=' ' tag='710'><subfield code='a'>Cartography Associates.</subfield><subfield code=' '>^A1661484</subfield></datafield><datafield ind1='0' ind2='2' tag='740'><subfield code='a'>Home ranch &amp; residence of James Karnes, 3 miles S. of Sanger.</subfield></datafield><datafield ind1='0' ind2=' ' tag='773'><subfield code='a'>Thompson, Thos. H. (Thomas Hinckley), 1841-1915.</subfield><subfield code='t'>Official historical atlas map of Fresno County.</subfield><subfield code='d'>Tulare, Calif. : Thos. H. Thompson, 1891.</subfield><subfield code='g'>facing p. 84.</subfield><subfield code='w'>(OCoLC)54910070</subfield></datafield><datafield ind1='4' ind2='0' tag='856'><subfield code='u'>http://www.davidrumsey.com/insightredirector/insightredirector.asp?cid=8&amp;iia=0&amp;ig=David%20Rumsey%20Collection&amp;isl=0&amp;gwisp=0%7CList%5FNo%7CList%20No%7C1%7C2867.079%7C2&amp;gwia=3&amp;gc=0</subfield></datafield><datafield ind1=' ' ind2=' ' tag='994'><subfield code='a'>X0</subfield><subfield code='b'>STF</subfield></datafield><datafield ind1=' ' ind2=' ' tag='999'><subfield code='a'>INTERNET RESOURCE</subfield><subfield code='w'>ASIS</subfield><subfield code='c'>1</subfield><subfield code='i'>5723794-1001</subfield><subfield code='l'>INTERNET</subfield><subfield code='m'>SUL</subfield><subfield code='r'>N</subfield><subfield code='s'>Y</subfield><subfield code='t'>SUL</subfield><subfield code='u'>10/28/2004</subfield><subfield code='z'>TAX=8.25</subfield></datafield></record>